<record><leader>02049cam a2200421 i 4500</leader><controlfield tag="001">6810964</controlfield><controlfield tag="003">OCoLC</controlfield><controlfield tag="005">20150403143322.0</controlfield><controlfield tag="008">131018t20152015maua          001 0 eng  </controlfield><datafield ind1=" " ind2=" " tag="010"><subfield code="a">  2013038391</subfield></datafield><datafield ind1=" " ind2=" " tag="020"><subfield code="a">9780321907950</subfield></datafield><datafield ind1=" " ind2=" " tag="020"><subfield code="a">0321907957</subfield></datafield><datafield ind1=" " ind2=" " tag="035"><subfield code="a">ocn861273925</subfield></datafield><datafield ind1=" " ind2=" " tag="039"><subfield code="a">exclude</subfield></datafield><datafield ind1=" " ind2=" " tag="040"><subfield code="a">DLC</subfield><subfield code="b">eng</subfield><subfield code="e">rda</subfield><subfield code="c">DLC</subfield><subfield code="d">YDXCP</subfield><subfield code="d">BTCTA</subfield><subfield code="d">BDX</subfield><subfield code="d">BUR</subfield><subfield code="d">OCLCF</subfield><subfield code="d">AEU</subfield></datafield><datafield ind1=" " ind2=" " tag="042"><subfield code="a">pcc</subfield></datafield><datafield ind1="0" ind2="0" tag="050"><subfield code="a">PN83</subfield><subfield code="b">.B785 2015</subfield></datafield><datafield ind1="0" ind2="0" tag="082"><subfield code="a">808</subfield><subfield code="2">23</subfield></datafield><datafield ind1=" " ind2=" " tag="090"><subfield code="a">PN83 .B785 2015 </subfield><subfield code="b">AEGMCT</subfield></datafield><datafield ind1="1" ind2=" " tag="100"><subfield code="a">Browne, M. Neil,</subfield><subfield code="d">1944-</subfield><subfield code="e">author.</subfield></datafield><datafield ind1="1" ind2="0" tag="245"><subfield code="a">Asking the right questions :</subfield><subfield code="b">a guide to critical thinking /</subfield><subfield code="c">M. Neil Browne, Stuart M. Keeley (Bowling Green State University).</subfield></datafield><datafield ind1=" " ind2=" " tag="250"><subfield code="a">Eleventh edition.</subfield></datafield><datafield ind1=" " ind2="1" tag="264"><subfield code="a">Boston :</subfield><subfield code="b">Pearson,</subfield><subfield code="c">[2015]</subfield></datafield><datafield ind1=" " ind2="4" tag="264"><subfield code="c">&#169;2015</subfield></datafield><datafield ind1=" " ind2=" " tag="300"><subfield code="a">xiii, 169 pages :</subfield><subfield code="b">illustrations ;</subfield><subfield code="c">23 cm</subfield></datafield><datafield ind1=" " ind2=" " tag="336"><subfield code="a">text</subfield><subfield code="2">rdacontent</subfield></datafield><datafield ind1=" " ind2=" " tag="337"><subfield code="a">unmediated</subfield><subfield code="2">rdamedia</subfield></datafield><datafield ind1=" " ind2=" " tag="338"><subfield code="a">volume</subfield><subfield code="2">rdacarrier</subfield></datafield><datafield ind1=" " ind2=" " tag="500"><subfield code="a">Includes index.</subfield></datafield><datafield ind1="0" ind2=" " tag="505"><subfield code="a">The benefit and manner of asking the right questions -- Speed bumps interfering with your critical thinking -- What are the issue and the conclusion? -- What are the reasons? -- What words or phrases are ambiguous? -- What are the value and descriptive assumptions? -- Are there any fallacies in the reasoning? -- How good is the evidence : intuition, personal experience, case examples, testimonials, and appeals to authority? -- How good is the evidence : personal observation, research studies, and analogies? -- Are there rival causes? -- Are the statistics deceptive? -- What significant information is omitted? -- What reasonable conclusions are possible?</subfield></datafield><datafield ind1=" " ind2=" " tag="596"><subfield code="a">29</subfield></datafield><datafield ind1=" " ind2="0" tag="650"><subfield code="a">Criticism.</subfield></datafield><datafield ind1=" " ind2="0" tag="650"><subfield code="a">Critical thinking.</subfield></datafield><datafield ind1="1" ind2=" " tag="700"><subfield code="a">Keeley, Stuart M.,</subfield><subfield code="d">1941-</subfield><subfield code="e">author.</subfield></datafield><datafield ind1=" " ind2=" " tag="949"><subfield code="a">PN83 .B785 2015 </subfield><subfield code="h">GMCT-OS-B</subfield><subfield code="i">1007410630</subfield><subfield code="p">83.55</subfield><subfield code="k">AVAIL_SOON</subfield></datafield><datafield ind1=" " ind2=" " tag="019"><subfield code="a">866616887</subfield><subfield code="a">892060020</subfield></datafield><datafield ind1="1" ind2=" " tag="029"><subfield code="a">AU@</subfield><subfield code="b">000052531246</subfield></datafield><datafield ind1=" " ind2=" " tag="926"><subfield code="a">PN83 .B785 2015</subfield><subfield code="w">LC</subfield><subfield code="c">1</subfield><subfield code="i">1007410630</subfield><subfield code="d">1/31/2017</subfield><subfield code="e">1/22/2017</subfield><subfield code="l">ON_SHELF</subfield><subfield code="m">GR_MACEWAN</subfield><subfield code="n">14</subfield><subfield code="p">$83.55</subfield><subfield code="r">Y</subfield><subfield code="s">Y</subfield><subfield code="t">BOOK</subfield><subfield code="u">4/14/2015</subfield></datafield></record>